@Manual{R-base,
  title = {R: A Language and Environment for Statistical Computing},
  author = {{R Core Team}},
  organization = {R Foundation for Statistical Computing},
  address = {Vienna, Austria},
  year = {2021},
  url = {https://www.R-project.org/},
}
@Manual{R-papaja,
  title = {{papaja}: {Prepare} reproducible {APA} journal articles with {R Markdown}},
  author = {Frederik Aust and Marius Barth},
  year = {2022},
  note = {R package version 0.1.1},
  url = {https://github.com/crsh/papaja},
}
@Manual{R-tinylabels,
  title = {{tinylabels}: Lightweight Variable Labels},
  author = {Marius Barth},
  year = {2022},
  note = {R package version 0.2.3},
  url = {https://cran.r-project.org/package=tinylabels},
}
@Manual{R-dplyr,
  title = {dplyr: A Grammar of Data Manipulation},
  author = {Hadley Wickham and Romain François and Lionel Henry and Kirill Müller},
  year = {2022},
  note = {R package version 1.0.8},
  url = {https://CRAN.R-project.org/package=dplyr},
}
@Manual{R-forcats,
  title = {forcats: Tools for Working with Categorical Variables (Factors)},
  author = {Hadley Wickham},
  year = {2021},
  note = {R package version 0.5.1},
  url = {https://CRAN.R-project.org/package=forcats},
}
@Book{R-ggplot2,
  author = {Hadley Wickham},
  title = {ggplot2: Elegant Graphics for Data Analysis},
  publisher = {Springer-Verlag New York},
  year = {2016},
  isbn = {978-3-319-24277-4},
  url = {https://ggplot2.tidyverse.org},
}
@Manual{R-purrr,
  title = {purrr: Functional Programming Tools},
  author = {Lionel Henry and Hadley Wickham},
  year = {2020},
  note = {R package version 0.3.4},
  url = {https://CRAN.R-project.org/package=purrr},
}
@Manual{R-readr,
  title = {readr: Read Rectangular Text Data},
  author = {Hadley Wickham and Jim Hester and Jennifer Bryan},
  year = {2022},
  note = {R package version 2.1.2},
  url = {https://CRAN.R-project.org/package=readr},
}
@Manual{R-readxl,
  title = {readxl: Read Excel Files},
  author = {Hadley Wickham and Jennifer Bryan},
  year = {2019},
  note = {R package version 1.3.1},
  url = {https://CRAN.R-project.org/package=readxl},
}
@Manual{R-stringr,
  title = {stringr: Simple, Consistent Wrappers for Common String Operations},
  author = {Hadley Wickham},
  year = {2019},
  note = {R package version 1.4.0},
  url = {https://CRAN.R-project.org/package=stringr},
}
@Manual{R-tibble,
  title = {tibble: Simple Data Frames},
  author = {Kirill Müller and Hadley Wickham},
  year = {2021},
  note = {R package version 3.1.6},
  url = {https://CRAN.R-project.org/package=tibble},
}
@Manual{R-tidyr,
  title = {tidyr: Tidy Messy Data},
  author = {Hadley Wickham and Maximilian Girlich},
  year = {2022},
  note = {R package version 1.2.0},
  url = {https://CRAN.R-project.org/package=tidyr},
}
@Article{R-tidyverse,
  title = {Welcome to the {tidyverse}},
  author = {Hadley Wickham and Mara Averick and Jennifer Bryan and Winston Chang and Lucy D'Agostino McGowan and Romain François and Garrett Grolemund and Alex Hayes and Lionel Henry and Jim Hester and Max Kuhn and Thomas Lin Pedersen and Evan Miller and Stephan Milton Bache and Kirill Müller and Jeroen Ooms and David Robinson and Dana Paige Seidel and Vitalie Spinu and Kohske Takahashi and Davis Vaughan and Claus Wilke and Kara Woo and Hiroaki Yutani},
  year = {2019},
  journal = {Journal of Open Source Software},
  volume = {4},
  number = {43},
  pages = {1686},
  doi = {10.21105/joss.01686},
}
@Manual{R-robumeta,
  title = {robumeta: Robust Variance Meta-Regression},
  author = {Zachary Fisher and Elizabeth Tipton and Hou Zhipeng},
  year = {2017},
  note = {R package version 2.0},
  url = {https://CRAN.R-project.org/package=robumeta},
}
@Manual{R-Matrix,
  title = {Matrix: Sparse and Dense Matrix Classes and Methods},
  author = {Douglas Bates and Martin Maechler},
  year = {2021},
  note = {R package version 1.3-4},
  url = {https://CRAN.R-project.org/package=Matrix},
}
@Article{R-metafor,
  title = {Conducting meta-analyses in {R} with the {metafor} package},
  author = {Wolfgang Viechtbauer},
  journal = {Journal of Statistical Software},
  year = {2010},
  volume = {36},
  number = {3},
  pages = {1--48},
  url = {https://doi.org/10.18637/jss.v036.i03},
}
@article{orne1962social,
  title={On the social psychology of the psychological experiment: With particular reference to demand characteristics and their implications},
  author={Orne, Martin T},
  journal={American Psychologist},
  volume={17},
  number={11},
  year={1962}
}
@article{berkowitz1971weapons,
  title={The" weapons effect," demand characteristics, and the myth of the compliant subject.},
  author={Berkowitz, Leonard},
  journal={Journal of Personality and Social Psychology},
  volume={20},
  year={1971}
}
@incollection{milgram1972interpreting,
  author= "Milgram, Stanley",
  title= "Interpreting obedience: Error and evidence. A reply to Orne and Holland.",
  editor = "A. G. Miller",
  booktitle   = "The social psychology of psychological research",
  publisher   = "Free Press",
  address     = "New York, NY",
  year        = 1972,
  pages       = "138-154",
}
@article{sharpe2016frightened,
  title={Frightened by an old scarecrow: The remarkable resilience of demand characteristics},
  author={Sharpe, Donald and Whelton, William J},
  journal={Review of General Psychology},
  volume={20},
  number={4},
  pages={349--368},
  year={2016},
}
@article{orne1959nature,
  title={The nature of hypnosis: Artifact and essence.},
  author={Orne, Martin T},
  journal={The Journal of abnormal and social Psychology},
  volume={58},
  number={3},
  pages={277--299},
  year={1959},
}
@article{hayes1967two,
  title={Two types of phenomenal instructions for size and distance judgments of objects presented on a two-dimensional plane},
  author={Hayes, CJA and King, WL},
  journal={Perception \& Psychophysics},
  volume={2},
  number={11},
  pages={556--558},
  year={1967},
}
@article{coles2022fact,
  title={Fact or artifact? Demand characteristics and participants’ beliefs can moderate, but do not fully account for, the effects of facial feedback on emotional experience.},
  author={Coles, Nicholas A and Gaertner, Lowell and Frohlich, Brooke and Larsen, Jeff T and Basnight-Brown, Dana M},
  journal={Journal of Personality and Social Psychology},
  year={2022},
}
@article{mummolo2019demand,
  title={Demand effects in survey experiments: An empirical assessment},
  author={Mummolo, Jonathan and Peterson, Erik},
  journal={American Political Science Review},
  volume={113},
  number={2},
  pages={517--529},
  year={2019},
}
@book{rosnow1997people,
  title={People studying people: Artifacts and ethics in behavioral research},
  author={Rosnow, Ralph and Rosenthal, Robert},
  year={1997},
  publisher={WH Freeman}
}
